@manual{xochicale2019-github,
title = {Github repository for PhD thesis},
author = {Miguel Xochicale},
day = {30},
month = {August},
year = {2019},
note   = "\url{https://github.com/mxochicale-phd/thesis/}"
}



@article{heise2020,
author = {Christian Heise and Joshua M. Pearce},
title ={From Open Access to Open Science: The Path From Scientific Reality to Open Scientific Communication},
journal = {SAGE Open},
volume = {10},
number = {2},
year = {2020},
doi = {10.1177/2158244020915900},
}
,
}

pages = {2158244020915900},
year = {2020},
doi = {10.1177/2158244020915900},

URL = { 
        https://doi.org/10.1177/2158244020915900
    
},
eprint = { 
        https://doi.org/10.1177/2158244020915900
 
